@misc{wundervald2018introduction,
  author = {Wundervald, Bruna and Trecenti, Julio},
  title = {R-Music: Introduction to the chorrrds package},
  url = {https://r-music.rbind.io/posts/2018-08-19-chords-analysis-with-the-chorrrds-package/},
  year = {2018}
}

@misc{wundervald2018rspotify,
  author = {Wundervald, Bruna and Dantas, Tiago Mendes},
  title = {R-Music: Rspotify},
  url = {https://r-music.rbind.io/posts/2018-10-01-rspotify/},
  year = {2018}
}

@misc{wundervald2018introduction,
  author = {Wundervald, Bruna},
  title = {R-Music: Introduction to the vagalumeR package},
  url = {https://r-music.rbind.io/posts/2018-11-22-introduction-to-the-vagalumer-package/},
  year = {2018}
}

@misc{wundervald2018introduction,
  author = {Wundervald, Bruna},
  title = {R-Music: Introduction to the vagalumeR package},
  url = {https://r-music.rbind.io/posts/2018-11-22-introduction-to-the-vagalumer-package/},
  year = {2018}
}

@misc{tidytext-archive,
  author       = {Julia Silge and David Robinson and Jim Hester},
  title        = {{tidytext}: Text mining using dplyr, ggplot2, and other tidy tools},
  month        = jun,
  year         = 2016,
  doi          = {10.5281/zenodo.56714},
  url          = {http://dx.doi.org/10.5281/zenodo.56714}
}

  @Article{,
    title = {Text Mining Infrastructure in R},
    author = {Ingo Feinerer and Kurt Hornik and David Meyer},
    year = {2008},
    journal = {Journal of Statistical Software},
    volume = {25},
    number = {5},
    pages = {1--54},
    url = {http://www.jstatsoft.org/v25/i05/},
    month = {March},
  }