@book{koller2009probabilistic,
  title={Probabilistic graphical models: principles and techniques},
  author={Koller, Daphne and Friedman, Nir},
  year={2009},
  publisher={MIT press}
}

@book{murphy2012machine,
  title={Machine learning: a probabilistic perspective},
  author={Murphy, Kevin P},
  year={2012},
  publisher={MIT press}
}

@article{scutari2009learning,
  title={Learning Bayesian networks with the bnlearn R package},
  author={Scutari, Marco},
  journal={arXiv preprint arXiv:0908.3817},
  year={2009}
}