@Manual{R,
  title = {R: A Language and Environment for Statistical Computing},
  author = {{R Core Team}},
  organization = {R Foundation for Statistical Computing},
  address = {Vienna, Austria},
  year = {2016},
  note = {{ISBN} 3-900051-07-0},
  url = {https://www.R-project.org/},
}

@article{ihaka:1996,
  Author = {Ihaka, Ross and Gentleman, Robert},
	Journal = {Journal of Computational and Graphical Statistics},
	Number = 3,
	Pages = {299--314},
	Title = {R: A Language for Data Analysis and Graphics},
	Volume = 5,
	Year = 1996,
        url = {https://doi.org/10.1080/10618600.1996.10474713}
}

@misc{musicdatainR, 
  author = {Wundervald, Bruna and Trecenti, Julio},
  title = {Music Data Analysis in R},
  url = {https://github.com/brunaw/SER2019},
  year = {2019}
}

@article{Breiman2001,
archivePrefix = {arXiv},
arxivId = {arXiv:1011.1669v3},
author = {Breiman, Leo},
doi = {10.1017/CBO9781107415324.004},
eprint = {arXiv:1011.1669v3},
isbn = {9788578110796},
issn = {1098-6596},
journal = {Machine Learning},
pmid = {25246403},
title = {{Random Forests}},
year = {2001}
}

